
@misc{licklider_intergalactic_1963,
  type = {Memorandum},
  title = {The {{Intergalactic Computer Network}}: {{Topics}} for {{Discussion}} at the {{Forthcoming Meeting}}},
  timestamp = {2016-04-25T16:08:29Z},
  author = {Licklider, J. C. R.},
  collaborator = {{Advanced Research Projects Agency}},
  month = apr,
  year = {1963}
}


